<?xml version="1.0" encoding="UTF-8"?><record xmlns="http://www.loc.gov/MARC21/slim" xmlns:cinclude="http://apache.org/cocoon/include/1.0" xmlns:zs="http://www.loc.gov/zing/srw/">
  <leader>00465nz  a2200121n  4500</leader>
  <controlfield tag="001">n  85279386 </controlfield>
  <controlfield tag="003">DLC</controlfield>
  <controlfield tag="005">19860513114833.6</controlfield>
  <controlfield tag="008">860502n| acannaab|          |n aaa ||| b</controlfield>
  <datafield tag="010" ind1=" " ind2=" ">
    <subfield code="a">n  85279386 </subfield>
  </datafield>
  <datafield tag="040" ind1=" " ind2=" ">
    <subfield code="a">DNLM</subfield>
    <subfield code="c">DLC</subfield>
    <subfield code="d">DLC</subfield>
  </datafield>
  <datafield tag="100" ind1="1" ind2="0">
    <subfield code="a">Kohler, Richard B.,</subfield>
    <subfield code="d">1946-</subfield>
  </datafield>
  <datafield tag="670" ind1=" " ind2=" ">
    <subfield code="a">Antigen detection to diagnose bacterial infections, 1986:</subfield>
    <subfield code="b">CIP t.p. (Richard B. Kohler, M.D.; prof., Dept. of Internal Med., Indiana Univ., Sch. of Med., Indianapolis, Ind.) data sheet (b. 4/8/46)</subfield>
  </datafield>
</record>